@book{Spring,
	author = {Craig Walls},
	isbn = {9788328356061},
	publisher = {Manning},
	title = {{Spring in Action, 5th Edition}},
	year = {2018}
}

@book{CleanCode,
	author = {Robert C. Martin},
	isbn = {9780132350884},
	publisher = {Pearson Education},
	title = {{Clean Code: A Handbook of Agile Software Craftsmanship}},
	year = {2008}
}

@article{SpringBootDocs,
author = {{Phillip Webb} {Dave Syer} {Josh Long} {Stéphane Nicoll} {Rob Winch} {Andy Wilkinson} {Marcel Overdijk} {Christian Dupuis} {Sébastien Deleuze} {Michael Simons} {Vedran Pavić} {Jay Bryant} {Madhura Bhave} {Eddú Meléndez} {Scott Frederick} {Moritz Halbritter}},
title = {{Dokumentacja Spring Boot}},
note = {\url{https://docs.spring.io/spring-boot/docs/current/reference/htmlsingle/}}
}

@article{SpringDataJpaDocs,
author = {{Oliver Gierke} {Thomas Darimont} {Christoph Strobl} {Mark Paluch} {Jay Bryant} {Greg Turnquist}},
title = {{Dokumentacja Spring Data Jpa}},
note = {\url{https://docs.spring.io/spring-data/jpa/docs/current/reference/html/}}
}

@article{SpringSecurityDocs,
title = {{Dokumentacja Spring Security}},
note = {\url{https://docs.spring.io/spring-security/reference/index.html}}
}

@article{SpringWebDocs,
title = {{Dokumentacja Spring Web}},
note = {\url{https://docs.spring.io/spring-framework/docs/current/reference/html/web.html#spring-web}}
}

@article{AngularDocs,
title = {{Dokumentacja Angular}},
note = {\url{https://angular.io/docs}}
}

@article{JavaDocs,
author = {{Oracle}},
title = {{Dokumentacja jezyka Java}},
note = {\url{https://docs.oracle.com/en/java/}}
}
